@misc{busch2025onemap,
      title={One Map to Find Them All: Real-time Open-Vocabulary Mapping for Zero-shot Multi-Object Navigation}, 
      author={Finn Lukas Busch and Timon Homberger and Jesús Ortega-Peimbert and Quantao Yang and Olov Andersson},
      year={2025},
      eprint={2409.11764},
      archivePrefix={arXiv},
      primaryClass={cs.RO},
      url={https://arxiv.org/abs/2409.11764}, 
}

 @inproceedings{huang23vlmaps,
      title={Visual Language Maps for Robot Navigation},
      author={Chenguang Huang and Oier Mees and Andy Zeng and Wolfram Burgard},
      booktitle = {Proceedings of the IEEE International Conference on Robotics and Automation (ICRA)},
      year={2023},
      address = {London, UK}
} 

@inproceedings{yokoyama2024vlfm,
      title={VLFM: Vision-Language Frontier Maps for Zero-Shot Semantic Navigation},
      author={Naoki Yokoyama and Sehoon Ha and Dhruv Batra and Jiuguang Wang and Bernadette Bucher},
      booktitle={International Conference on Robotics and Automation (ICRA)},
      year={2024},
}

@misc{gu2023conceptgraphsopenvocabulary3dscene,
      title={ConceptGraphs: Open-Vocabulary 3D Scene Graphs for Perception and Planning}, 
      author={Qiao Gu and Alihusein Kuwajerwala and Sacha Morin and Krishna Murthy Jatavallabhula and Bipasha Sen and Aditya Agarwal and Corban Rivera and William Paul and Kirsty Ellis and Rama Chellappa and Chuang Gan and Celso Miguel de Melo and Joshua B. Tenenbaum and Antonio Torralba and Florian Shkurti and Liam Paull},
      year={2023},
      eprint={2309.16650},
      archivePrefix={arXiv},
      primaryClass={cs.RO},
      url={https://arxiv.org/abs/2309.16650}, 
}

@inproceedings{chaplot2020semexp,
      title={Object Goal Navigation using Goal-Oriented Semantic Exploration},
      author={Chaplot, Devendra Singh and Gandhi, Dhiraj and
            Gupta, Abhinav and Salakhutdinov, Ruslan},
      booktitle={In Neural Information Processing Systems},
      year={2020}
}

@article{qui2024geff,
      title={Learning Generalizable Feature Fields for Mobile Manipulation},
      author={Ri-Zhao Qiu and Yafei Hu and Yuchen Song and Ge Yang and Yang Fu and Jianglong Ye and Jiteng Mu and Ruihan Yang and Nikolay Atanasov and Sebastian Scherer and Xiaolong Wang},
      journal={arXiv preprint arXiv:2403.07563},
      year={2024}
}

@article{kashu2023openfusion,
  title={Open-Fusion: Real-time Open-Vocabulary 3D Mapping and Queryable Scene Representation},
  author={Kashu Yamazaki and Taisei Hanyu and Khoa Vo and Thang Pham and Minh Tran and Gianfranco Doretto and Anh Nguyen and Ngan Le},
  journal={arXiv preprint arXiv:2310.03923},
  year={2023}
}

@misc{zou2023seem,
      title={Segment Everything Everywhere All at Once}, 
      author={Xueyan Zou and Jianwei Yang and Hao Zhang and Feng Li and Linjie Li and Jianfeng Wang and Lijuan Wang and Jianfeng Gao and Yong Jae Lee},
      year={2023},
      eprint={2304.06718},
      archivePrefix={arXiv},
      primaryClass={cs.CV},
      url={https://arxiv.org/abs/2304.06718}, 
}

@misc{topiwala2018frontierbasedexplorationautonomous,
      title={Frontier Based Exploration for Autonomous Robot}, 
      author={Anirudh Topiwala and Pranav Inani and Abhishek Kathpal},
      year={2018},
      eprint={1806.03581},
      archivePrefix={arXiv},
      primaryClass={cs.RO},
      url={https://arxiv.org/abs/1806.03581}, 
}

@INPROCEEDINGS{bourgault2002informationbasedadaptiveexploration,

  author={Bourgault, F. and Makarenko, A.A. and Williams, S.B. and Grocholsky, B. and Durrant-Whyte, H.F.},

  booktitle={IEEE/RSJ International Conference on Intelligent Robots and Systems}, 

  title={Information based adaptive robotic exploration}, 

  year={2002},

  volume={1},

  number={},

  pages={540-545 vol.1},

  keywords={Simultaneous localization and mapping;Australia;Mobile robots;Uncertainty;Vehicles;Robot sensing systems;Indoor environments;Programmable control;Adaptive control;Sensor fusion},

  doi={10.1109/IRDS.2002.1041446}
}


@article{stachniss2009efficientexploration,
author = {Stachniss, Cyrill and Mozos, Oscar and Burgard, Wolfram},
year = {2009},
month = {01},
pages = {205ff},
title = {Efficient Exploration of Unknown Indoor Environments using a Team of Mobile Robots},
volume = {52},
journal = {Annals of Mathematics and Artificial Intelligence},
doi = {10.1007/s10472-009-9123-z}
}

@article{Suresh_2024,
   title={Robotic Exploration Using Generalized Behavioral Entropy},
   volume={9},
   ISSN={2377-3774},
   url={http://dx.doi.org/10.1109/LRA.2024.3433207},
   DOI={10.1109/lra.2024.3433207},
   number={9},
   journal={IEEE Robotics and Automation Letters},
   publisher={Institute of Electrical and Electronics Engineers (IEEE)},
   author={Suresh, Aamodh and Nieto-Granda, Carlos and Martínez, Sonia},
   year={2024},
   month=sep, pages={8011–8018} 
}


%%%%%%%%%%%%%%%%%%%%%%%%%%%%%%%%%%%%%%%%%%%%%%%%%%%%%%%%%%%%%%%%%%%%%%%%%%%%%%%%%%%%%%%%%%%%%%%%%%%%%%%%%%%%%%%%%%%%%%%%%%%%%%%%%%%%%%%%%%%%%%%%%%%

%Directly available media types: bachelorsthesis/etc., book, chapter of edited book, datasheet/guide, dissertation/mastersthesis, e-abstract (only abstract accessible), e-book, e-book (protected database accessed via university), edited book, journal, e-journal or e-magazine, e-journal or e-magazine (protected database accessed via university), newspaper, norm (ISO, etc.), online newspaper article, patent, picture/image/photograph, website.
%
%Notes:
%  Copy&Paste the examples below and fill in the data. The first data element (e.g. "Aangerman09a") is used to cite the reference in LaTeX (e.g. "\cite{Aangerman09a}").
%  If you use special characters(e.g. "�"), use the LaTeX character instead (e.g. "{\ss}").
%  If your editor does not support " �, �, � " directly, you have to use " "a, "o, "u " instead. However, I recommend an editor like "Texmaker", where you can switch to ISO-8859-1 standard and don't have this problem.
%  If a special author-name is needed, a "{}" has to be used (e.g. "{{International Standards Office}}"). Otherwise BibTeX will try to force a "last name, initials" schema (e.g. "{International Standards Office}" --> "International, S." but "{{International Standards Office}}" --> "International Standards Office")
%  Only the referenced sources (referenced in your LaTeX-document via \cite, \citep, etc.) will be shown in the bibliography.
%  The file "HarvardFHTWMR.bst" is needed for compilation.
%  I modified/created this BibTeX file "HarvardFHTWMR.bst" and "Literatur.bib" as a tool for anyone who wants to use it. I can not issue any guarantee about the correctness of its output. However, I hope it's able to save you time and trouble with the quotations. Feel free to delete this header in "Literatur.bib".
%
% ~ Michael Widrich, 19.01.2012
%%%%%%%%%%%%%%%%%%%%%%%%%%%%%%%%%%%%%%%%%%%%%%%%%%%%%%%%%%%%%%%%%%%%%%%%%%%%%%%%%%%%


%Lehrbuch, edition   = {4}, macht noch Probleme
@Book{HeSc09,
  author    = {Hesse, Stefan and Schnell, Gerhard},
  title     = {{Sensoren f\"ur die Prozess- und Fabrikautomation}},
  publisher = {Vieweg+Teubner},
  year      = {2009},
  address   = {Wiesbaden},
}

%Artikel, pages = "1180 - 1202" macht noch Probleme
@Article{HuZi10,
  author    = {Humenberger, Martin and Zinner, Christian and Weber, Michael and Kubinger, Wilfried and Vincze, Markus},
  title     = {A fast stereo matching algorithm suitable for embedded real-time systems},
  journal   = {Computer Vision and Image Understanding},
  volume    = {114},
  number    = {11},
  year      = {2010},
}

@Book{HeSc09,
  author    = {Hesse, Stefan and Schnell, Gerhard},
  title     = {{Sensoren f{\"u}r die Prozess- und Fabrikautomation}},
  publisher = {Vieweg+Teubner},
  address   = {Wiesbaden},
  year      = {2009},
}

%Buch
@book{Ko05a,
	author				={Kopka, Helmut},
	title				={{LaTeX, Band 1: Einf{\"u}hrung}},
	publisher			={Pearson Studium},
	address				={{M{\"u}nchen}},
	year				={2005},
}


@misc{Po10,
	author				={Pohn, Johannes},
	title				={Condition Monitoring Systeme für die zustandorientierte Instandhaltung von Windkraftanlagen},
	medium				={Diplomarbeit},
	address				={Wien: FH Technikum Wien, Masterstudiengang Innovations- und Technologiemanagement},
	year				={2010},
}
%%%%%%%%%%%%%%%%%%%%%%%%%%%%%%%%%%%%%%%%%%%%
%%%%%%%%%%%% PAYLOAD ESTIMATION %%%%%%%%%%%%
%%%%%%%%%%%%%%%%%%%%%%%%%%%%%%%%%%%%%%%%%%%%

%%%%%%%%%%%% STATE OF ART %%%%%%%%%%%%%
% StateOfArt, mass estimation, payload estimation, motion controle, position accuracy, classic methods
@article{Hu2020,
  author    = {Jinfei Hu and Chen Li and Zheng Chen and Bin Yao},
  title     = {Precision Motion Control of a 6-DoFs Industrial Robot With Accurate Payload Estimation},
  journal   = {IEEE/ASME Transactions on Mechatronics},
  volume    = {25},
  number    = {4},
  year      = {2020},
  doi       = {10.1109/TMECH.2020.2994231  },
}

%Backgound, StateOfArt, F_ext reference, Contact Force, Links full robot environment contact, contact locaization,
surface contact force, classic methods
@inproceedings{Popov2019,
  author    = {Dmitry Popov and Alexandr Klimchik},
  title     = {Real-Time External Contact Force Estimation and Localization for Collaborative Robot},
  booktitle = {2019 IEEE International Conference on Mechatronics (ICM)},
  year      = {2019},
  doi       = {10.1109/ICMECH.2019.8722893  },
}

% StateOfArt, external force estimation, polishing, position accuracy, Neuronal Network, TCP FT estimation, TCP environmental contace, without phi_effectiv = phi_gripper + phi_payload, just phi_effective estimation
@article{Tan2023,
  author    = {Shizhong Tan and Jixiang Yang and Han Ding},
  title     = {A prediction and compensation method of robot tracking error considering pose-dependent load decomposition},
  journal   = {Robotics and Computer-Integrated Manufacturing},
  volume    = {80},
  year      = {2023},
  doi       = {10.1016/j.rcim.2022.102476 },
}

% StateOfArt, CNN, TCP external force estimation, TCP environmental contact
@article{Kruzic2021,
  author    = {Stanko Kružić and Josip Musić and Roman Kamnik and Vladan Papić},
  title     = {End-Effector Force and Joint Torque Estimation of a 7-DoF Robotic Manipulator Using Deep Learning},
  journal   = {Electronics},
  volume    = {10},
  number    = {23},
  year      = {2021},
  doi       = {10.3390/electronics10232963 },
}

% stateOfArt, Background, trajectory reference, Independend features reference, Neuronal network dynamic torque equation estiamtion, M, C, F, G internal rigid robot estimation
@article{urrea2018parameter,
  title={Design, simulation, comparison and evaluation of parameter identification methods for an industrial robot},
  author={Urrea, Claudio and Pascal, Jos{\'e}},
  journal={Computers and Electrical Engineering},
  volume={67},
  pages={791--806},
  year={2018},
  publisher={Elsevier},
  doi={10.1016/j.compeleceng.2016.09.004  }
}

% StateOfArt, T_motor = T_robot + T_ext refernce, classic Kalmann Observer; Fiction Model observer, CNN model uncertainty Noise estimation, classic and CNN combined
@article{liu2021sensorless,
  title={Sensorless force estimation for industrial robots using disturbance observer and neural learning of friction approximation},
  author={Liu, Sichao and Wang, Lihui and Wang, Xi Vincent},
  journal={Robotics and Computer-Integrated Manufacturing},
  volume={71},
  pages={102168},
  year={2021},
  publisher={Elsevier},
  doi={10.1016/j.rcim.2021.102168 }
}

% stateOfArt, external force estimation, polishing, position accuracy, Neuronal Network, friction model, TCP FT estimation, TCP environmental contace, without phi_effectiv = phi_gripper + phi_payload, just phi_effective estimation
@article{lu2023external,
  title={External force estimation for industrial robots using configuration optimization},
  author={Lu, Y. and Shen, Y. and Zhuang, C.},
  journal={Automatika},
  volume={64},
  number={2},
  pages={365--388},
  year={2023},
  doi={10.1080/00051144.2023.2166451 }
}

%stateOfArt, background, T_motor = k_t * I reference, dynamic torque equation estimation, rigid body M, C, F, G estimation, classicl math methods, estimtation, approximation
@inproceedings{deng2021dynamic,
  title={Dynamic Model Identification of Collaborative Robots Using a Three-Loop Iterative Method},
  author={Deng, Jie and Shang, Weiwei and Zhang, Bin and Zhen, Shengchao and Cong, Shuang},
  booktitle={2021 6th IEEE International Conference on Advanced Robotics and Mechatronics (ICARM)},
  pages={1--6},
  year={2021},
  organization={IEEE},
  doi={10.1109/ICARM52023.2021.9536165 }
}

%stateOfArt, Dynamic torque equation estimation, CLS-ULS-CAD compare, rigid body M,C,F,G estimation, classic methods
@article{golluccio2021robot,
  title={Robot Dynamics Identification: A Reproducible Comparison With Experiments on the Kinova Jaco},
  author={Golluccio, Giacomo and Gillini, Giuseppe and Marino, Alessandro and Antonelli, Gianluca},
  journal={IEEE Robotics and Automation Magazine},
  volume={28},
  number={3},
  year={2021},
  doi={10.1109/MRA.2020.3004149 },
  publisher={IEEE}
}

% stateOfArt, learn inverse kinematics, adversial network, NON classic, dynamic torque equation estimation
@article{ren2020learning,
  title={Learning inverse kinematics and dynamics of a robotic manipulator using generative adversarial networks},
  author={Ren, Hailin and Ben-Tzvi, Pinhas},
  journal={Robotics and Autonomous Systems},
  volume={124},
  pages={103386},
  year={2020},
  publisher={Elsevier},
  doi={10.1016/j.robot.2019.103386  }
}

%stateOfArt
@article{lee2020adaptive,
  title={An Adaptive PID Control for Robot Manipulators Under Substantial Payload Variations},
  author={Lee, Junyoung and Chang, Pyung Hun and Yu, Byeonggi and Jin, Maolin},
  journal={IEEE Access},
  volume={8},
  year={2020},
  doi={10.1109/ACCESS.2020.3014348},
  publisher={IEEE}
}

% stateOfArt, payload estimation, without center of mass, just mass m and intertia tensor J, classic methods, IRLS
@article{xu2022accurate,
  title={An accurate identification method based on double weighting for inertial parameters of robot payloads},
  author={Xu, Tian and Fan, Jizhuang and Fang, Qianqian and Zhu, Yanhe and Zhao, Jie},
  journal={Robotica},
  volume={40},
  number={12},
  year={2022},
  publisher={Cambridge University Press},
  doi={10.1017/S0263574722000960 }
}

%stateOfArt, Introduction, Least Sqaure reference, more unknown then equations, payload estimation, calssical methods, trajectory
@inproceedings{kurdas2022online,
  title={Online Payload Identification for Tactile Robots Using the Momentum Observer},
  author={Kurdas, Alexander and Hamad, Mazin and Vorndamme, Jonathan and Mansfeld, Nico and Abdolshah, Saeed and Haddadin, Sami},
  booktitle={2022 International Conference on Robotics},
  year={2022},
  organization={IEEE},
  doi={10.1109/ICRA46639.2022.9811691}
}

%least square, use newton euler, sesor noise, payload estimation, point mass decition, classic math optimization
@inproceedings{nadeau2022fast,
  title={Fast Object Inertial Parameter Identification for Collaborative Robots},
  author={Nadeau, Philippe and Giamou, Matthew and Kelly, Jonathan},
  booktitle={2022 International Conference on Robotics},
  year={2022},
  organization={IEEE},
  doi={10.1109/ICRA46639.2022.9916213},
  address={STARS Laboratory at the University of Toronto Institute for Aerospace Studies, Toronto, Ontario, Canada}
}


%stateOfArt, least square dynmic torque M,C,F,G estimation, rigid body robot estimation
@article{dong2023dynamic,
  title={Dynamic Identification of Industrial Robot Based on Nonlinear Friction Model and LS-SOS Algorithm},
  author={Dong, Jianwei and Xu, Jianming and Zhou, Qiaoqian and Zhu, Junwei and Yu, Li},
  journal={Internetdokument},
  year={2023},
  url={https://ieeexplore.ieee.org/document/9592833}
}

%%%%%%%%%%% he2023 was thrown
%stateOfArt, LS, calssic method, dynmic torque eqation estimation, rigid body M,C,F,G estimation
@article{he2023identification,
  title={Identification Method of Robot Dynamics Parameters Based on Improved Friction Model},
  author={He, Chunlai and Liu, Yunfei and Cheng, Shuo and Sun, Wei},
  journal={Internetdokument},
  year={2023},
  url={https://ieeexplore.ieee.org/document/9935533}
}

%%%%%%%%%%%%%%%%%%%%   GP & CNN BASIC BOOKS  -  FIT ALL   %%%%%%%%%%%%%%%%%%%%
%Background, Into, Methods, GP for Machine learning, Kernel, GP Regression Methods
@book{rasmussen2006gaussian,
  title={Gaussian Processes for Machine Learning},
  author={Rasmussen, Carl Edward and Williams, Christopher K. I.},
  year={2006},
  publisher={MIT Press},
  address={Cambridge, Massachusetts and London, England},
  isbn={026218253X},
  url={http://www.GaussianProcess.org/gpml}
}

% StateOfArt, CNN, GP, Neuronal Networks, Least sqaure, calssification, machine learning springer book
@book{bishop2006pattern,
  title={Pattern Recognition and Machine Learning},
  author={Bishop, Christopher M.},
  year={2006},
  publisher={Springer},
  address={New York},
  series={Information Science and Statistics},
  isbn={0387310738},
  lccn={2006922522}
}
%%%%%%%%%%%%%%%%%%%%%%%%%%%%%%%%%%%%%%%%%%%%%%%%%%%%%%%%%%%%%%%%%%%%%%%%%%%%%%%%


% stateOfArt, EMG, Robot contact force estimation, full robot links enviroment contact, CNN, Deep Neuronal, surface contact force
@article{su2021deep,
  title={Deep Neural Network Approach in EMG-Based Force Estimation for Human-Robot Interaction},
  author={Su, Hang and Qi, Wen and Li, Zhijun and Chen, Ziyang and Ferrigno, Giancarlo and de Momi, Elena},
  journal={IEEE Transactions on Artificial Intelligence},
  volume={2},
  number={5},
  year={2021},
  doi={10.1109/TAI.2021.3066565 }
}

% stateOfArt, payload estimation, FT estimation of phi_robot and phi_effective, robot rigit body resulting FT estimation while same timestamp estimation T_ext resulting FT too, CNN, Neuronal Networks
@inproceedings{berger2016estimating,
  title={Estimating perturbations from experience using neural networks and information transfer},
  author={Berger, Erik and Vogt, David and Grehl, Steve and Jung, Bernhard and Ben Amor, Heni},
  booktitle={2016 IEEE/RSJ International Conference on Intelligent Robots and Systems (IROS)},
  pages={176--181},
  year={2016},
  organization={IEEE},
  doi={10.1109/IROS.2016.7759051}
}

%%%%%%%%%%%%%%%%%%%%%%%%%%%%%%%%%%%%%%%%%%%5
% stateOfArt, estimating TCP FT measurement, without excluding phi_gripper, predict full measurement with motor sensor data with GP Regression
@book{berger2015learning,
  title={Learning to Estimate Forces for Safe Tool Usage},
  author={Berger, Erik and Grehl, Steve and Vogt, David and Jung, Bernhard and Ben Amor, Heni},
  year={2015},
  note={Accessed: November 2, 2024}
}
% same like above, other learning, feature detection what features are best to train and get good result
@INPROCEEDINGS{7487127,
  author={Berger, Erik and Grehl, Steve and Vogt, David and Jung, Bernhard and Amor, Heni Ben},
  booktitle={2016 IEEE International Conference on Robotics and Automation (ICRA)}, 
  title={Experience-based torque estimation for an industrial robot}, 
  year={2016},
  volume={},
  number={},
  pages={144-149},
  keywords={Robot sensing systems;Torque;Estimation;Training;Force;Training data},
  doi={10.1109/ICRA.2016.7487127 }}


%%%%%%%%%%%%%%%%%%%%%%%%%%%%%%%%%%%%%%%%%%
% Background, Motor equations
@misc{ctms_motor_speed,
  title={Motor Speed System Modeling},
  author={Tilbury, Dawn and Messner, Bill and contributors},
  howpublished={\url{https://ctms.engin.umich.edu/CTMS/index.php?example=MotorSpeed&section=SystemModeling}},
  note={Accessed: November 2, 2024}
}

% stateOfArt, TCP FT Estimation, CNN, Neuronal Networks, Train with sensor to use without sensor, TCP FT estimation, TCP environmental contace, without phi_effectiv = phi_gripper + phi_payload, just phi_effective estimation contact
@article{shan2024fine,
  title={Fine Robotic Manipulation Without Force/Torque Sensor},
  author={Shan, Shilin and Pham, Quang-Cuong},
  journal={IEEE Robotics and Automation Letters},
  volume={9},
  number={2},
  year={2024},
  doi={10.1109/LRA.2023.3341770 },
  publisher={IEEE},
  eissn={2377-3774}
}

% stateOfArt, estimating TCP FT measurement, phi_robot and phi_payload differenciation, CNN, Neuronal Network, payload estimation to use without sensor then, TCP environment contact
@inproceedings{berger2021feature,
  title={Feature-based Deep Learning of Proprioceptive Models for Robotic Force Estimation},
  author={Berger, Erik and Uhlig, Alexander},
  booktitle={2020 IEEE-RAS 20th International Conference on Humanoid Robots (Humanoids)},
  pages={128--134},
  year={2021},
  organization={IEEE},
  doi={10.1109/HUMANOIDS47582.2021.9555682 }
}

% stateOfArt, adaptive controller, CNN, Neuronal Network, no payload info - try and error adapting controller, grep with camera
@inproceedings{zeng2019tossingbot,
  title={TossingBot: Learning to Throw Arbitrary Objects with Residual Physics},
  author={Zeng, Andy and Song, Shuran and Yu, Kuan-Ting and Donlon, Edward and Hogan, Francis R and Bauza, Maria and Ma, Daolin and Taylor, Ian and Liu, Minghua and Romo, Eliot and Ayer, Shane and Finn, Chelsea and Rodriguez, Alberto},
  booktitle={2019 IEEE International Conference on Robotics and Automation (ICRA)},
  pages={5101--5108},
  year={2019},
  organization={IEEE},
  doi={10.1109/ICRA.2019.8793756 }
}

% stateOfArt, Background, TCP payload estimation, CNN, non linear reference, non linear friction
@article{liu2019end,
  title={End-Effector Force Estimation for Flexible-Joint Robots With Global Friction Approximation Using Neural Networks},
  author={Liu, Xing and Zhao, Fei and Ge, Shuzhi Sam and Wu, Yuqiang and Mei, Xuesong},
  journal={IEEE Transactions on Industrial Informatics},
  volume={15},
  number={3},
  year={2019},
  doi={10.1109/TII.2018.2876724 },
  publisher={IEEE}
}

% StateOfArt, internal parameter rigid robot estimation, dynmaic torque equation estimation, M, C, F, G
@article{leon2022parameter,
  title={Parameter Identification of a Robot Arm Manipulator Based on a Convolutional Neural Network},
  author={Leon, Carlos Leopoldo Carreon-Diaz de and Vergara-Limon, Sergio and Vargas-Trevino, Maria Aurora D. and Lopez-Gomez, Jesus and Gonzalez-Calleros, Juan Manuel and Gonzalez-Arriaga, Daniel Marcelo and Vargas-Trevino, Marciano},
  journal={IEEE Access},
  volume={10},
  year={2022},
  doi={10.1109/ACCESS.2022.3177209  },
  publisher={IEEE},
  eissn={2169-3536}
}

%%%%%%%%%%%%%%%%%%%%%%%%%%%%%%%%%%%%%%%%%%%%%%%%%%
% GP Regresseion exterenal TCP force estiamtion, TCP environmental contact, model precictive controller, control improvment, not phi_effectiv differentiation
@article{HANINGER2023104431,
  author = {Kevin Haninger and Christian Hegeler and Luka Peternel},
  title = {Model predictive impedance control with Gaussian processes for human and environment interaction},
  journal = {Robotics and Autonomous Systems},
  volume = {165},
  pages = {104431},
  year = {2023},
  doi = {10.1016/j.robot.2023.104431}
}

@inproceedings{haninger2022model,
  title={Model Predictive Control with Gaussian Processes for Flexible Multi-Modal Physical Human Robot Interaction},
  author={Haninger, Kevin and Hegeler, Christian and Peternel, Luka},
  booktitle={2022 International Conference on Robotics},
  year={2022},
  organization={IEEE},
  doi={10.1109/ICRA46639.2022.9811590 },
  address={Fraunhofer IPK, Department of Automation, Berlin, Germany and Delft University of Technology, Cognitive Robotics Department, Delft, The Netherlands}
}
%%%%%%%%%%%%%%%%%%%%%%%%%%%%%%%%%%%%%%%%%%%%%%%%%%%

% stateOfArt, GP Regression TCP FT estimation, NO difference for phi_effective
@article{beckers2017stable,
  title={Stable Model-based Control with Gaussian Process Regression for Robot Manipulators},
  author={Beckers, Thomas and Umlauft, Jonas and Hirche, Sandra},
  journal={IFAC-PapersOnLine},
  volume={50},
  number={1},
  year={2017},
  doi={10.1016/j.ifacol.2017.08.359 },
  publisher={Elsevier},
  issn={2405-8963}
}

% stateOfArt, Introduction, Background, Methods, Kernel, GP Regression, GP Perfect explainaition
@incollection{rasmussen2004gaussian,
  title={Gaussian Processes in Machine Learning},
  author={Rasmussen, Carl Edward},
  booktitle={Advanced Lectures on Machine Learning},
  editor={Bousquet, Olivier and von Luxburg, Ulrike and R{\"a}tsch, Gunnar},
  series={Lecture Notes in Computer Science},
  volume={3176},
  pages={63--71},
  year={2004},
  publisher={Springer},
  doi={10.1007/978-3-540-28650-9_4 }
}

% stateOfArt, TCP exterenal contact force estimation, TCP environmental contact, Kalmann Filter, classic, no differentiation just phi_effective
@article{motor_current_estimation,
  title={Motor-Current-Based Estimation of Cartesian Contact Forces and Torques for Robotic Manipulators and Its Application to Force Control},
  author={Author names (not provided in the current summary)},
  journal={Journal/Conference Name (details not provided)},
  year={Publication year (not specified)},
  pages={Page numbers (if available)},
  publisher={Publisher (if applicable)}
}

% stateOfArt, background, friciton model, GP Regression for friction non linear estiamtion, non linear referece
@article{blumberg2023estimation,
  title={Estimation of External Force-Torque Vector Based on Double Encoders of Industrial Robots Using a Hybrid Gaussian Process Regression and Joint Stiffness Model},
  author={Blumberg, Julian and Polte, Mitchel and Uhlmann, Eckart},
  journal={Journal of Mechanical Engineering},
  year={2023},
  doi={10.36897/jme/167359 }
}

% stateOfArt, control improvement, torque controle, estimate dynamic torque equation, estimate M, C, F, G rigid body phi_robot, robot internal parameter identification, GP Regression
@inproceedings{nguyen2008learning,
  title={Learning Robot Dynamics for Computed Torque Control Using Local Gaussian Processes Regression},
  author={Nguyen-Tuong, Duy and Peters, Jan},
  booktitle={Proceedings of LAB-RS 2008},
  year={2008},
  doi={10.1109/LAB-RS.2008.16  }
}

% Methods k-fold cross validation reference
@article{nti2021performance,
  title={Performance of Machine Learning Algorithms with Different K Values in K-fold CrossValidation},
  author={Nti, Isaac Kofi and Nyarko-Boateng, Owusu and Aning, Justice},
  journal={IJITCS (International Journal of Information Technology and Computer Science)},
  volume={13},
  number={6},
  year={2021},
  doi={10.5815/ijitcs.2021.06.05 },
  issn={20749007},
  eissn={20749015}
}

% Methods, sparse GP Regression reference
@inproceedings{teng2020scalable,
  title={Scalable Variational Bayesian Kernel Selection for Sparse Gaussian Process Regression},
  author={Teng, Tong and Chen, Jie and Zhang, Yehong and Low, Bryan Kian Hsiang},
  booktitle={Proceedings of the AAAI Conference on Artificial Intelligence},
  volume={34},
  number={04},
  year={2020},
  doi={10.1609/aaai.v34i04.6061 },
  issn={2159-5399},
  eissn={2374-3468}
}

@article{nadeau2024automated,
  title={Automated Continuous Force-Torque Sensor Bias Estimation},
  author={Philippe Nadeau and Miguel Rogel Garcia and Emmett Wise and Jonathan Kelly},
  journal={arXiv preprint arXiv:2403.01068}   ,
  year={2024},
  doi={https://doi.org/10.48550/arXiv.2403.01068}   
}


@article{bai2024sensorless,
  title={Sensorless Human–Robot Interaction: Real‐Time Estimation of Co‐Grasped Object Mass and Human Wrench for Compliant Interaction},
  author={Bai, M. and Zang, X. and Wu, L. and Li, C. and Zhu, Y.},
  journal={Advanced Intelligent Systems},
  volume={6},
  number={4},
  pages={2400616},
  year={2024},
  publisher={Wiley Online Library},
  doi={10.1002/aisy.202400616},
}

%%%%%%%%%%%%%%%%%%%%%%%%%%%%%%%%%%%%%%%%%%%%%%%%%%%%%%%%%%%%%%%%%%%%%%%%%%%%%%%%%%%%%%%%%%%%
% Core Python Libraries
@misc{python_os,
  title={Python os Module Documentation},
  author={Python Software Foundation},
  howpublished={\url{https://docs.python.org/3/library/os.html}},
  note={Accessed: November 3, 2024}
}

@misc{python_pickle,
  title={Python pickle Module Documentation},
  author={Python Software Foundation},
  howpublished={\url{https://docs.python.org/3/library/pickle.html}},
  note={Accessed: November 3, 2024}
}

@misc{python_json,
  title={Python json Module Documentation},
  author={Python Software Foundation},
  howpublished={\url{https://docs.python.org/3/library/json.html}},
  note={Accessed: November 3, 2024}
}

% ROS Library
@misc{rospy,
  title={ROS rospy Documentation},
  author={Open Source Robotics Foundation},
  howpublished={\url{http://wiki.ros.org/rospy}},
  note={Accessed: November 3, 2024}
}

% Data Processing and Handling
@misc{pandas,
  title={Pandas Documentation},
  author={Pandas Development Team},
  howpublished={\url{https://pandas.pydata.org/pandas-docs/stable/}},
  note={Accessed: November 3, 2024}
}

@misc{numpy,
  title={NumPy Documentation},
  author={NumPy Developers},
  howpublished={\url{https://numpy.org/doc/stable/}},
  note={Accessed: November 3, 2024}
}

% Machine Learning Libraries
@misc{gpy,
  title={GPy Documentation},
  author={The GPy Authors},
  howpublished={\url{https://gpy.readthedocs.io/en/deploy/}},
  note={Accessed: November 3, 2024}
}

@misc{scikit_learn,
  title={Scikit-learn Documentation},
  author={Scikit-learn Developers},
  howpublished={\url{https://scikit-learn.org/stable/documentation.html}},
  note={Accessed: November 3, 2024}
}

% Plotting and Visualization
@misc{matplotlib,
  title={Matplotlib Documentation},
  author={The Matplotlib Development Team},
  howpublished={\url{https://matplotlib.org/stable/contents.html}},
  note={Accessed: November 3, 2024}
}

% ROS-Related Documentation
@misc{ros_official,
  title={ROS Official Documentation},
  author={Open Source Robotics Foundation},
  howpublished={\url{http://wiki.ros.org/}},
  note={Accessed: November 3, 2024}
}

@misc{ros_control,
  title={ROS Control Documentation},
  author={Open Source Robotics Foundation},
  howpublished={\url{http://wiki.ros.org/ros_control}},
  note={Accessed: November 3, 2024}
}

@misc{moveit,
  title={MoveIt Documentation},
  author={MoveIt Contributors},
  howpublished={\url{https://moveit.ros.org/documentation/}},
  note={Accessed: November 3, 2024}
}

@misc{gazebo_ros,
  title={Gazebo ROS Documentation},
  author={Open Source Robotics Foundation},
  howpublished={\url{http://gazebosim.org/tutorials?tut=ros_overview}},
  note={Accessed: November 3, 2024}
}

@misc{ur5_robot,
  title={UR5 Universal Robot},
  author={Universal Robots},
  howpublished={\url{https://www.universal-robots.com/products/ur5-robot/}},
  note={Accessed: November 3, 2024}
}

@misc{xacro_docs,
  title={Xacro Documentation},
  author={Open Source Robotics Foundation},
  howpublished={\url{http://wiki.ros.org/xacro}},
  note={Accessed: November 3, 2024}
}

%manually
\harvarditem [abbr-citation]{full-citation}{citation-year}{cite-key}
